@misc{brmodelo,
title={brModelo - Ferramenta de Ensino: Modelagem de Dados (MER)},
url={http://sis4.com/brModelo/download.aspx},
urlaccessdate={03 dez. 2013},
year={2007}
}

@misc{sqlserver,
title={SQL Server 2008 R2},
url={http://msdn.microsoft.com/en-us/library/ff928358(v=sql.10).aspx},
urlaccessdate={03 dez. 2013},
year={2013}
}

@misc{mysql-workbench,
title={MySQL ::  MySQL Workbench 6.0},
url={http://www.mysql.com/products/workbench/},
urlaccessdate={03 dez. 2013},
year={2013}
}

